@ARTICLE{2014ApJ...789..164T,
   author = {{Tal}, T. and {Dekel}, A. and {Oesch}, P. and {Muzzin}, A. and 
	{Brammer}, G.~B. and {van Dokkum}, P.~G. and {Franx}, M. and 
	{Illingworth}, G.~D. and {Leja}, J. and {Magee}, D. and {Marchesini}, D. and 
	{Momcheva}, I. and {Nelson}, E.~J. and {Patel}, S.~G. and {Quadri}, R.~F. and 
	{Rix}, H.-W. and {Skelton}, R.~E. and {Wake}, D.~A. and {Whitaker}, K.~E.
	},
    title = "{Observations of Environmental Quenching in Groups in the 11 GYR since z = 2.5: Different Quenching for Central and Satellite Galaxies}",
  journal = {\apj},
archivePrefix = "arXiv",
   eprint = {1401.2984},
 keywords = {galaxies: evolution, galaxies: groups: general, galaxies: star formation },
     year = 2014,
    month = jul,
   volume = 789,
      eid = {164},
    pages = {164},
      doi = {10.1088/0004-637X/789/2/164},
   adsurl = {http://adsabs.harvard.edu/abs/2014ApJ...789..164T},
  adsnote = {Provided by the SAO/NASA Astrophysics Data System}
}


@ARTICLE{2012ApJ...751L...5T,
author = {{Tal}, T. and {Wake}, D.~A. and {van Dokkum}, P.~G.},
title = "{Observations of Dark and Luminous Matter: The Radial Distribution of Satellite Galaxies around Massive Red Galaxies}",
journal = {\apjl},
archivePrefix = "arXiv",
eprint = {1201.5114},
keywords = {dark matter, galaxies: elliptical and lenticular, cD, galaxies: groups: general},
year = 2012,
month = may,
volume = 751,
eid = {L5},
pages = {L5},
doi = {10.1088/2041-8205/751/1/L5},
adsurl = {http://adsabs.harvard.edu/abs/2012ApJ...751L...5T},
adsnote = {Provided by the SAO/NASA Astrophysics Data System}
}

@ARTICLE{2013ApJ...769...31T,
author = {{Tal}, T. and {van Dokkum}, P.~G. and {Franx}, M. and {Leja}, J. and
{Wake}, D.~A. and {Whitaker}, K.~E.},
title = "{Galaxy Environments over Cosmic Time: The Non-evolving Radial Galaxy Distributions around Massive Galaxies since z = 1.6}",
journal = {\apj},
archivePrefix = "arXiv",
eprint = {1302.2912},
keywords = {galaxies: elliptical and lenticular, cD, galaxies: groups: general },
year = 2013,
month = may,
volume = 769,
eid = {31},
pages = {31},
doi = {10.1088/0004-637X/769/1/31},
adsurl = {http://adsabs.harvard.edu/abs/2013ApJ...769...31T},
adsnote = {Provided by the SAO/NASA Astrophysics Data System}
}

@ARTICLE{2005ApJ...634..833C,
author = {{Cooper}, M.~C. and {Newman}, J.~A. and {Madgwick}, D.~S. and
{Gerke}, B.~F. and {Yan}, R. and {Davis}, M.},
title = "{Measuring Galaxy Environments with Deep Redshift Surveys}",
journal = {\apj},
eprint = {astro-ph/0506518},
keywords = {Galaxies: High-Redshift, Galaxies: Statistics, Cosmology: Large-Scale Structure of Universe, Methods: Data Analysis, Methods: Statistical, Surveys},
year = 2005,
month = dec,
volume = 634,
pages = {833-848},
doi = {10.1086/432868},
adsurl = {http://adsabs.harvard.edu/abs/2005ApJ...634..833C},
adsnote = {Provided by the SAO/NASA Astrophysics Data System}
}

@ARTICLE{2012MNRAS.419.2670M,
author = {{Muldrew}, S.~I. and {Croton}, D.~J. and {Skibba}, R.~A. and
{Pearce}, F.~R. and {Ann}, H.~B. and {Baldry}, I.~K. and {Brough}, S. and
{Choi}, Y.-Y. and {Conselice}, C.~J. and {Cowan}, N.~B. and
{Gallazzi}, A. and {Gray}, M.~E. and {Gr{\"u}tzbauch}, R. and
{Li}, I.-H. and {Park}, C. and {Pilipenko}, S.~V. and {Podgorzec}, B.~J. and
{Robotham}, A.~S.~G. and {Wilman}, D.~J. and {Yang}, X. and
{Zhang}, Y. and {Zibetti}, S.},
title = "{Measures of galaxy environment - I. What is 'environment'?}",
journal = {\mnras},
archivePrefix = "arXiv",
eprint = {1109.6328},
keywords = {methods: numerical, methods: statistical, galaxies: evolution, galaxies: haloes, dark matter, large-scale structure of Universe},
year = 2012,
month = jan,
volume = 419,
pages = {2670-2682},
doi = {10.1111/j.1365-2966.2011.19922.x},
adsurl = {http://adsabs.harvard.edu/abs/2012MNRAS.419.2670M},
adsnote = {Provided by the SAO/NASA Astrophysics Data System}
}